<record><leader>00000cas a22000007a 4500</leader><controlfield tag="001">25851403</controlfield><controlfield tag="008">920520d18921893wyuwr ne      0    0eng d</controlfield><datafield ind1=" " ind2=" " tag="010"><subfield code="a">sn 92067048 </subfield></datafield><datafield ind1=" " ind2=" " tag="040"><subfield code="a">NVO</subfield><subfield code="b">eng</subfield><subfield code="c">NVO</subfield><subfield code="d">OCLCQ</subfield></datafield><datafield ind1=" " ind2=" " tag="042"><subfield code="a">msc</subfield></datafield><datafield ind1="0" ind2="4" tag="245"><subfield code="a">The Sundance reform.</subfield></datafield><datafield ind1="1" ind2="3" tag="246"><subfield code="a">Reform</subfield></datafield><datafield ind1=" " ind2=" " tag="260"><subfield code="a">Sundance, Crook County, Wyo. :</subfield><subfield code="b">W.C. Hall</subfield></datafield><datafield ind1=" " ind2=" " tag="300"><subfield code="a">v.</subfield></datafield><datafield ind1=" " ind2=" " tag="310"><subfield code="a">Weekly</subfield></datafield><datafield ind1="0" ind2=" " tag="362"><subfield code="a">Vol. 4, no. 49 (June 16, 1892)-v. 6, no. 12 (Sept. 28, 1893).</subfield></datafield><datafield ind1=" " ind2="4" tag="651"><subfield code="a">Sundance (Wyo.)</subfield><subfield code="v">Newspapers.</subfield></datafield><datafield ind1=" " ind2="4" tag="651"><subfield code="a">Crook County (Wyo.)</subfield><subfield code="v">Newspapers.</subfield></datafield><datafield ind1=" " ind2=" " tag="752"><subfield code="a">United States</subfield><subfield code="b">Wyoming</subfield><subfield code="c">Crook</subfield><subfield code="d">Sundance.</subfield></datafield><datafield ind1="0" ind2="0" tag="780"><subfield code="t">Wyoming weekly Republican (Sundance, Wyo. : 1889)</subfield><subfield code="w">(DLC)sn 92067047</subfield></datafield><datafield ind1="0" ind2="4" tag="785"><subfield code="t">Sundance gazette</subfield><subfield code="w">(DLC)sn 92067066</subfield></datafield></record>